@article{dummy2024,
  title={Placeholder Reference},
  author={Author, Dummy},
  journal={Placeholder Journal},
  year={2024},
  note={This is a temporary placeholder reference}
}
